@BOOK{ER,
   author = "Robert Eisberg and Robert Resnick",
   title= "Quantum Physics of Atoms, Molecules, Solids, Nuclei, and Particles",
   publisher = "Wiley",
edition = "2nd",
   year = 1985
   }

@BOOK{griffiths,
   author = "David Griffiths",
   title= "Introduction to Quantum Mechanics",
   publisher = "Pearson Education",
edition = "2nd",
   year = 2005
   }

@UNPUBLISHED{scicomp,
   author = "Joel Franklin",
   title = "Scientific Computation class notes",
   note = "Contains an explanation of the finite difference method",
   month = Feb,
   year = 2011
   }
