@BOOK{naa,
   author = "Gregory Choppin and Jan-Olov Liljenzin and Jan Rydberg",
   title= "Radiochemistry and Nuclear Chemistry",
   publisher = "Reed Elsevier",
edition = "3rd",
   year = 2002
   }

@BOOK{nucphys,
   author = "Kenneth S. Krane",
   title= "Introductory Nuclear Physics",
   publisher = "Wiley",
   year = 1988
   }

