This file was created with JabRef 2.2.
Encoding: MacRoman

@BOOK{ER,
  title = {Quantum Physics of Atoms, Molecules, Solids, Nuclei, and Particles},
  publisher = {Wiley},
  year = {1985},
  author = {Robert Eisberg and Robert Resnick},
  isbn = {978-0-471-87373-0}
}
